<?xml version="1.0" encoding="UTF-8"?>
<SOAP-ENV:Envelope xmlns:SOAP-ENV="http://schemas.xmlsoap.org/soap/envelope/" xmlns:ns1="http://oss.dbc.dk/ns/openformat" xmlns:os="http://oss.dbc.dk/ns/opensearch" xmlns:dc="http://purl.org/dc/elements/1.1/" xmlns:dkabm="http://biblstandard.dk/abm/namespace/dkabm/" xmlns:ISO639-2="http://lcweb.loc.gov/standards/iso639-2/" xmlns:dcmitype="http://purl.org/dc/dcmitype/" xmlns:dcterms="http://purl.org/dc/terms/" xmlns:ac="http://biblstandard.dk/ac/namespace/" xmlns:dkdcplus="http://biblstandard.dk/abm/namespace/dkdcplus/" xmlns:oss="http://oss.dbc.dk/ns/osstypes" xmlns:marcx="info:lc/xmlns/marcxchange-v1" xmlns:xsi="http://www.w3.org/2001/XMLSchema-instance">
  <SOAP-ENV:Body>
    <ns1:formatRequest>
      <ns1:originalData>
        <os:collection>
          <os:resultPosition>1</os:resultPosition>
          <os:numberOfObjects>1</os:numberOfObjects>
          <os:object>
            <dkabm:record>
              <ac:identifier>6092584__3|820010</ac:identifier>
              <ac:source>Bibliotekskatalog</ac:source>
              <dc:title>Damages</dc:title>
              <dc:title xsi:type="dkdcplus:full">Damages. Disc 3</dc:title>
              <dc:subject xsi:type="dkdcplus:DK5">77.7</dc:subject>
              <dc:subject xsi:type="dkdcplus:DK5-Text">Spillefilm</dc:subject>
              <dc:subject xsi:type="dkdcplus:DBCS">advokater</dc:subject>
              <dc:subject xsi:type="dkdcplus:DBCS">tv-serier</dc:subject>
              <dc:subject xsi:type="dkdcplus:genre">tv-serier</dc:subject>
              <dcterms:abstract>Den nyuddannede, ambitiøse Ellen Parsons får job i et advokatfirma i New York. Det ledes af den magtfulde, udspekulerede Patty Hewes, der gør Ellen til sin protegé. Patty skyr ingen midler for at styrke sin magt. Ellen lærer hendes metoder, men erfarer også den personlige pris det koster at vinde sager, hvor liv og ufattelige formuer er i spil</dcterms:abstract>
              <dc:description>Skabere: Glenn Kessler, Todd A. Kessler, Daniel Zelman ; skuespillere: Glen Close, Rose Byrne, Zeljko Ivanek, Noah Bean, Tate Donovan, Ted Danson</dc:description>
              <dc:description>Produktion: Sony Pictures Television (USA), Bluebush Productions (USA), 2007</dc:description>
              <dc:description>På materialet: The complete first season</dc:description>
              <dc:description>Indhold: I hate these people ; There's no we anymore ; Because I know Patty</dc:description>
              <dc:description>Af indholdet: Special features</dc:description>
              <dcterms:audience xsi:type="dkdcplus:medieraad">Mærkning: Tilladt for børn over 15 år</dcterms:audience>
              <dcterms:audience>voksenmaterialer</dcterms:audience>
              <dc:publisher>Universal Sony Pictures Home Entertainment Nordic</dc:publisher>
              <dc:contributor xsi:type="dkdcplus:cre">Glenn Kessler (f. 1970-04-06)</dc:contributor>
              <dc:contributor xsi:type="dkdcplus:cre">Todd A. Kessler</dc:contributor>
              <dc:contributor xsi:type="dkdcplus:cre">Daniel Zelman</dc:contributor>
              <dc:contributor xsi:type="dkdcplus:act">Glen Close</dc:contributor>
              <dc:contributor xsi:type="dkdcplus:act">Rose Byrne</dc:contributor>
              <dc:contributor xsi:type="dkdcplus:act">Zeljko Ivanek</dc:contributor>
              <dc:contributor xsi:type="dkdcplus:act">Noah Bean</dc:contributor>
              <dc:contributor xsi:type="dkdcplus:act">Tate Donovan</dc:contributor>
              <dc:contributor xsi:type="dkdcplus:act">Ted Danson</dc:contributor>
              <dc:date>2014</dc:date>
              <dc:type xsi:type="dkdcplus:BibDK-Type">Dvd</dc:type>
              <dc:format>3 dvd-videoer</dc:format>
              <dcterms:extent>1 dvd-video</dcterms:extent>
              <dcterms:extent>ca. 9 t., 19 min.</dcterms:extent>
              <dc:language xsi:type="dcterms:ISO639-2">eng</dc:language>
              <dc:language>Engelsk</dc:language>
              <dc:language xsi:type="dkdcplus:subtitles">Engelsk</dc:language>
              <dc:language xsi:type="dkdcplus:subtitles">Dansk</dc:language>
              <dc:language xsi:type="dkdcplus:subtitles">Finsk</dc:language>
              <dc:language xsi:type="dkdcplus:subtitles">Hindi</dc:language>
              <dc:language xsi:type="dkdcplus:subtitles">Norsk</dc:language>
              <dc:language xsi:type="dkdcplus:subtitles">Svensk</dc:language>
              <dcterms:spatial xsi:type="dkdcplus:DBCS">USA</dcterms:spatial>
              <dcterms:spatial xsi:type="dkdcplus:DBCS">New York</dcterms:spatial>
            </dkabm:record>
            <marcx:collection>
              <marcx:record format="danMARC2" type="Bibliographic">
                <marcx:leader>00000c    2200000   4500</marcx:leader>
                <marcx:datafield ind1="0" ind2="0" tag="001">
                  <marcx:subfield code="a">6092584__3</marcx:subfield>
                  <marcx:subfield code="b">820010</marcx:subfield>
                  <marcx:subfield code="c">201409151013</marcx:subfield>
                  <marcx:subfield code="d">20140915</marcx:subfield>
                  <marcx:subfield code="f">a</marcx:subfield>
                </marcx:datafield>
                <marcx:datafield ind1="0" ind2="0" tag="004">
                  <marcx:subfield code="r">c</marcx:subfield>
                  <marcx:subfield code="a">e</marcx:subfield>
                </marcx:datafield>
                <marcx:datafield ind1="0" ind2="0" tag="006">
                  <marcx:subfield code="d">15</marcx:subfield>
                  <marcx:subfield code="2">b</marcx:subfield>
                </marcx:datafield>
                <marcx:datafield ind1="0" ind2="0" tag="008">
                  <marcx:subfield code="t">m</marcx:subfield>
                  <marcx:subfield code="a">2014</marcx:subfield>
                  <marcx:subfield code="b">se</marcx:subfield>
                  <marcx:subfield code="l">eng</marcx:subfield>
                  <marcx:subfield code="v">0</marcx:subfield>
                </marcx:datafield>
                <marcx:datafield ind1="0" ind2="0" tag="009">
                  <marcx:subfield code="a">m</marcx:subfield>
                  <marcx:subfield code="g">th</marcx:subfield>
                </marcx:datafield>
                <marcx:datafield ind1="0" ind2="0" tag="018">
                  <marcx:subfield code="a">6092584</marcx:subfield>
                </marcx:datafield>
                <marcx:datafield ind1="0" ind2="0" tag="021">
                  <marcx:subfield code="b">Brugsretskategori: B</marcx:subfield>
                </marcx:datafield>
                <marcx:datafield ind1="0" ind2="0" tag="041">
                  <marcx:subfield code="a">eng</marcx:subfield>
                  <marcx:subfield code="u">eng</marcx:subfield>
                  <marcx:subfield code="u">dan</marcx:subfield>
                  <marcx:subfield code="u">fin</marcx:subfield>
                  <marcx:subfield code="u">hin</marcx:subfield>
                  <marcx:subfield code="u">nor</marcx:subfield>
                  <marcx:subfield code="u">swe</marcx:subfield>
                </marcx:datafield>
                <marcx:datafield ind1="0" ind2="0" tag="096">
                  <marcx:subfield code="z">820010</marcx:subfield>
                  <marcx:subfield code="u">Kun til brug på Statsbibliotekets læsesal</marcx:subfield>
                  <marcx:subfield code="a">DVD 25883</marcx:subfield>
                  <marcx:subfield code="r">a</marcx:subfield>
                </marcx:datafield>
                <marcx:datafield ind1="0" ind2="0" tag="245">
                  <marcx:subfield code="a">Damages</marcx:subfield>
                  <marcx:subfield code="g">Disc 3</marcx:subfield>
                </marcx:datafield>
                <marcx:datafield ind1="0" ind2="0" tag="248">
                  <marcx:subfield code="g">Disc 3</marcx:subfield>
                  <marcx:subfield code="k">1 dvd-video</marcx:subfield>
                  <marcx:subfield code="l">Indhold: I hate these people ; There's no we anymore ; Because I know Patty</marcx:subfield>
                </marcx:datafield>
                <marcx:datafield ind1="0" ind2="0" tag="260">
                  <marcx:subfield code="a">[Solna]</marcx:subfield>
                  <marcx:subfield code="b">Universal Sony Pictures Home Entertainment Nordic</marcx:subfield>
                  <marcx:subfield code="c">2014</marcx:subfield>
                </marcx:datafield>
                <marcx:datafield ind1="0" ind2="0" tag="300">
                  <marcx:subfield code="a">1 dvd-video</marcx:subfield>
                </marcx:datafield>
                <marcx:datafield ind1="0" ind2="0" tag="300">
                  <marcx:subfield code="n">3 dvd-videoer</marcx:subfield>
                  <marcx:subfield code="l">ca. 9 t., 19 min.</marcx:subfield>
                </marcx:datafield>
                <marcx:datafield ind1="0" ind2="0" tag="504">
                  <marcx:subfield code="a">Den nyuddannede, ambitiøse Ellen Parsons får job i et advokatfirma i New York. Det ledes af den magtfulde, udspekulerede Patty Hewes, der gør Ellen til sin protegé. Patty skyr ingen midler for at styrke sin magt. Ellen lærer hendes metoder, men erfarer også den personlige pris det koster at vinde sager, hvor liv og ufattelige formuer er i spil</marcx:subfield>
                </marcx:datafield>
                <marcx:datafield ind1="0" ind2="0" tag="508">
                  <marcx:subfield code="a">Engelsk tale</marcx:subfield>
                </marcx:datafield>
                <marcx:datafield ind1="0" ind2="0" tag="508">
                  <marcx:subfield code="a">Undertekster på engelsk, dansk, finsk, hindi, norsk og svensk</marcx:subfield>
                </marcx:datafield>
                <marcx:datafield ind1="0" ind2="0" tag="512">
                  <marcx:subfield code="a">Skabere: Glenn Kessler, Todd A. Kessler, Daniel Zelman ; skuespillere: Glen Close, Rose Byrne, Zeljko Ivanek, Noah Bean, Tate Donovan, Ted Danson</marcx:subfield>
                </marcx:datafield>
                <marcx:datafield ind1="0" ind2="0" tag="512">
                  <marcx:subfield code="a">Produktion: Sony Pictures Television (USA), Bluebush Productions (USA), 2007</marcx:subfield>
                </marcx:datafield>
                <marcx:datafield ind1="0" ind2="0" tag="512">
                  <marcx:subfield code="a">På materialet: The complete first season</marcx:subfield>
                </marcx:datafield>
                <marcx:datafield ind1="0" ind2="0" tag="517">
                  <marcx:subfield code="a">Mærkning: Tilladt for børn over 15 år</marcx:subfield>
                </marcx:datafield>
                <marcx:datafield ind1="0" ind2="0" tag="530">
                  <marcx:subfield code="a">Indhold: I hate these people ; There's no we anymore ; Because I know Patty</marcx:subfield>
                </marcx:datafield>
                <marcx:datafield ind1="0" ind2="0" tag="534">
                  <marcx:subfield code="a">Af indholdet: Special features</marcx:subfield>
                </marcx:datafield>
                <marcx:datafield ind1="0" ind2="0" tag="538">
                  <marcx:subfield code="a">SGSD 06732 B</marcx:subfield>
                  <marcx:subfield code="a">52 GSD 6232911</marcx:subfield>
                </marcx:datafield>
                <marcx:datafield ind1="0" ind2="0" tag="652">
                  <marcx:subfield code="m">77.7</marcx:subfield>
                </marcx:datafield>
                <marcx:datafield ind1="0" ind2="0" tag="666">
                  <marcx:subfield code="q">USA</marcx:subfield>
                </marcx:datafield>
                <marcx:datafield ind1="0" ind2="0" tag="666">
                  <marcx:subfield code="q">New York</marcx:subfield>
                </marcx:datafield>
                <marcx:datafield ind1="0" ind2="0" tag="666">
                  <marcx:subfield code="s">tv-serier</marcx:subfield>
                </marcx:datafield>
                <marcx:datafield ind1="0" ind2="0" tag="666">
                  <marcx:subfield code="s">advokater</marcx:subfield>
                </marcx:datafield>
                <marcx:datafield ind1="0" ind2="0" tag="700">
                  <marcx:subfield code="0"/>
                  <marcx:subfield code="a">Kessler</marcx:subfield>
                  <marcx:subfield code="h">Glenn</marcx:subfield>
                  <marcx:subfield code="c">f. 1970-04-06</marcx:subfield>
                  <marcx:subfield code="4">cre</marcx:subfield>
                </marcx:datafield>
                <marcx:datafield ind1="0" ind2="0" tag="700">
                  <marcx:subfield code="0"/>
                  <marcx:subfield code="a">Kessler</marcx:subfield>
                  <marcx:subfield code="h">Todd A.</marcx:subfield>
                  <marcx:subfield code="4">cre</marcx:subfield>
                </marcx:datafield>
                <marcx:datafield ind1="0" ind2="0" tag="700">
                  <marcx:subfield code="0"/>
                  <marcx:subfield code="a">Zelman</marcx:subfield>
                  <marcx:subfield code="h">Daniel</marcx:subfield>
                  <marcx:subfield code="4">cre</marcx:subfield>
                </marcx:datafield>
                <marcx:datafield ind1="0" ind2="0" tag="720">
                  <marcx:subfield code="o">Glen Close</marcx:subfield>
                  <marcx:subfield code="4">act</marcx:subfield>
                </marcx:datafield>
                <marcx:datafield ind1="0" ind2="0" tag="720">
                  <marcx:subfield code="o">Rose Byrne</marcx:subfield>
                  <marcx:subfield code="4">act</marcx:subfield>
                </marcx:datafield>
                <marcx:datafield ind1="0" ind2="0" tag="720">
                  <marcx:subfield code="o">Zeljko Ivanek</marcx:subfield>
                  <marcx:subfield code="4">act</marcx:subfield>
                </marcx:datafield>
                <marcx:datafield ind1="0" ind2="0" tag="720">
                  <marcx:subfield code="o">Noah Bean</marcx:subfield>
                  <marcx:subfield code="4">act</marcx:subfield>
                </marcx:datafield>
                <marcx:datafield ind1="0" ind2="0" tag="720">
                  <marcx:subfield code="o">Tate Donovan</marcx:subfield>
                  <marcx:subfield code="4">act</marcx:subfield>
                </marcx:datafield>
                <marcx:datafield ind1="0" ind2="0" tag="720">
                  <marcx:subfield code="o">Ted Danson</marcx:subfield>
                  <marcx:subfield code="4">act</marcx:subfield>
                </marcx:datafield>
              </marcx:record>