
              <marcx:record format="danMARC2" type="BibliographicVolume">
                <marcx:leader>00000n    2200000   4500</marcx:leader>
                <marcx:datafield ind1="0" ind2="0" tag="001">
                  <marcx:subfield code="a">6092584__3</marcx:subfield>
                  <marcx:subfield code="b">820010</marcx:subfield>
                  <marcx:subfield code="c">201409151013</marcx:subfield>
                  <marcx:subfield code="d">20140915</marcx:subfield>
                  <marcx:subfield code="f">a</marcx:subfield>
                </marcx:datafield>
                <marcx:datafield ind1="0" ind2="0" tag="004">
                  <marcx:subfield code="r">n</marcx:subfield>
                  <marcx:subfield code="a">b</marcx:subfield>
                </marcx:datafield>
                <marcx:datafield ind1="0" ind2="0" tag="245">
                  <marcx:subfield code="g">Disc 3</marcx:subfield>
                </marcx:datafield>
                <marcx:datafield ind1="0" ind2="0" tag="300">
                  <marcx:subfield code="a">1 dvd-video</marcx:subfield>
                </marcx:datafield>
                <marcx:datafield ind1="0" ind2="0" tag="530">
                  <marcx:subfield code="a">Indhold: I hate these people ; There's no we anymore ; Because I know Patty</marcx:subfield>
                </marcx:datafield>
              </marcx:record>
            </marcx:collection>
            <os:identifier>820010-katalog:6092584__3</os:identifier>
            <os:creationDate>2014-09-21</os:creationDate>
            <os:holdingsCount>14</os:holdingsCount>
            <os:lendingLibraries>13</os:lendingLibraries>
            <os:relations>
              <os:relation>
                <os:relationType>dbcaddi:hasReview</os:relationType>
                <os:relationUri>870971-anmeld:33701578</os:relationUri>
              </os:relation>
            </os:relations>
            <os:formatsAvailable>
              <os:format>dkabm</os:format>
              <os:format>marcxchange</os:format>
            </os:formatsAvailable>
          </os:object>
        </os:collection>
      </ns1:originalData>
      <ns1:outputFormat>PLACEHOLDER</ns1:outputFormat>
      <ns1:trackingId>dvd_damages_saeson_forsk.xml.PLACEHOLDER</ns1:trackingId>
    </ns1:formatRequest>
  </SOAP-ENV:Body>
</SOAP-ENV:Envelope>
